@ARTICLE{2018MNRAS.481.1133P,
   author = {{Peacock}, J.~A. and {Bilicki}, M.},
    title = "{Wide-area tomography of CMB lensing and the growth of cosmological density fluctuations}",
  journal = {\mnras},
archivePrefix = "arXiv",
   eprint = {1805.11525},
 keywords = {large-scale structure of Universe, cosmic background radiation},
     year = 2018,
    month = nov,
   volume = 481,
    pages = {1133-1148},
      doi = {10.1093/mnras/sty2314},
   adsurl = {http://adsabs.harvard.edu/abs/2018MNRAS.481.1133P},
  adsnote = {Provided by the SAO/NASA Astrophysics Data System}
}

@ARTICLE{2006AJ....131.1163S,
       author = {{Skrutskie}, M.~F. and {Cutri}, R.~M. and {Stiening}, R. and
         {Weinberg}, M.~D. and {Schneider}, S. and {Carpenter}, J.~M. and
         {Beichman}, C. and {Capps}, R. and {Chester}, T. and {Elias}, J.},
        title = "{The Two Micron All Sky Survey (2MASS)}",
      journal = {\aj},
     keywords = {Catalogs, Infrared: General, Surveys},
         year = "2006",
        month = "Feb",
       volume = {131},
       number = {2},
        pages = {1163-1183},
          doi = {10.1086/498708},
       adsurl = {https://ui.adsabs.harvard.edu/abs/2006AJ....131.1163S},
      adsnote = {Provided by the SAO/NASA Astrophysics Data System}
}

@ARTICLE{2000AJ....119.2498J,
       author = {{Jarrett}, T.~H. and {Chester}, T. and {Cutri}, R. and {Schneider}, S. and
         {Skrutskie}, M. and {Huchra}, J.~P.},
        title = "{2MASS Extended Source Catalog: Overview and Algorithms}",
      journal = {\aj},
     keywords = {GALAXIES: GENERAL, METHODS: DATA ANALYSIS, SURVEYS, TECHNIQUES: IMAGE PROCESSING, TECHNIQUES: MISCELLANEOUS, TECHNIQUES: PHOTOMETRIC, Astrophysics},
         year = "2000",
        month = "May",
       volume = {119},
       number = {5},
        pages = {2498-2531},
          doi = {10.1086/301330},
archivePrefix = {arXiv},
       eprint = {astro-ph/0004318},
 primaryClass = {astro-ph},
       adsurl = {https://ui.adsabs.harvard.edu/abs/2000AJ....119.2498J},
      adsnote = {Provided by the SAO/NASA Astrophysics Data System}
}

@ARTICLE{2018arXiv181208182X,
       author = {{Xavier}, H.~S. and {Costa-Duarte}, M.~V. and
         {Balaguera-Antol{\'\i}nez}, A. and {Bilicki}, M.},
        title = "{All-sky angular power spectra from cleaned WISE$\times$SuperCOSMOS galaxy number counts}",
      journal = {arXiv e-prints},
     keywords = {Astrophysics - Cosmology and Nongalactic Astrophysics},
         year = "2018",
        month = "Dec",
          eid = {arXiv:1812.08182},
        pages = {arXiv:1812.08182},
archivePrefix = {arXiv},
       eprint = {1812.08182},
 primaryClass = {astro-ph.CO},
       adsurl = {https://ui.adsabs.harvard.edu/abs/2018arXiv181208182X},
      adsnote = {Provided by the SAO/NASA Astrophysics Data System}
}

@ARTICLE{2004PASP..116..345C,
       author = {{Collister}, Adrian A. and {Lahav}, Ofer},
        title = "{ANNz: Estimating Photometric Redshifts Using Artificial Neural Networks}",
      journal = {\pasp},
     keywords = {Surveys, Galaxies: Distances and Redshifts, Methods: Data Analysis, Astrophysics},
         year = "2004",
        month = "Apr",
       volume = {116},
       number = {818},
        pages = {345-351},
          doi = {10.1086/383254},
archivePrefix = {arXiv},
       eprint = {astro-ph/0311058},
 primaryClass = {astro-ph},
       adsurl = {https://ui.adsabs.harvard.edu/abs/2004PASP..116..345C},
      adsnote = {Provided by the SAO/NASA Astrophysics Data System}
}

@ARTICLE{2010AJ....140.1868W,
       author = {{Wright}, Edward L. and {Eisenhardt}, Peter R.~M. and {Mainzer}, Amy K. and
         {Ressler}, Michael E. and {Cutri}, Roc M. and {Jarrett}, Thomas and
         {Kirkpatrick}, J. Davy and {Padgett}, Deborah and
         {McMillan}, Robert S. and {Skrutskie}, Michael},
        title = "{The Wide-field Infrared Survey Explorer (WISE): Mission Description and Initial On-orbit Performance}",
      journal = {\aj},
     keywords = {infrared: general, space vehicles, surveys, Astrophysics - Instrumentation and Methods for Astrophysics},
         year = "2010",
        month = "Dec",
       volume = {140},
       number = {6},
        pages = {1868-1881},
          doi = {10.1088/0004-6256/140/6/1868},
archivePrefix = {arXiv},
       eprint = {1008.0031},
 primaryClass = {astro-ph.IM},
       adsurl = {https://ui.adsabs.harvard.edu/abs/2010AJ....140.1868W},
      adsnote = {Provided by the SAO/NASA Astrophysics Data System}
}

@ARTICLE{2001MNRAS.326.1295H,
       author = {{Hambly}, N.~C. and {Irwin}, M.~J. and {MacGillivray}, H.~T.},
        title = "{The SuperCOSMOS Sky Survey - II. Image detection, parametrization, classification and photometry}",
      journal = {\mnras},
     keywords = {methods: data analysis, techniques: image processing, techniques: photometric, astronomical data bases: miscellaneous, catalogues, surveys, Astrophysics},
         year = "2001",
        month = "Oct",
       volume = {326},
       number = {4},
        pages = {1295-1314},
          doi = {10.1111/j.1365-2966.2001.04661.x},
archivePrefix = {arXiv},
       eprint = {astro-ph/0108290},
 primaryClass = {astro-ph},
       adsurl = {https://ui.adsabs.harvard.edu/abs/2001MNRAS.326.1295H},
      adsnote = {Provided by the SAO/NASA Astrophysics Data System}
}

@ARTICLE{2011MNRAS.410.2481R,
       author = {{Remazeilles}, Mathieu and {Delabrouille}, Jacques and
         {Cardoso}, Jean-Fran{\c{c}}ois},
        title = "{CMB and SZ effect separation with constrained Internal Linear Combinations}",
      journal = {\mnras},
     keywords = {methods: data analysis, cosmic background radiation, Astrophysics - Cosmology and Nongalactic Astrophysics},
         year = "2011",
        month = "Feb",
       volume = {410},
       number = {4},
        pages = {2481-2487},
          doi = {10.1111/j.1365-2966.2010.17624.x},
archivePrefix = {arXiv},
       eprint = {1006.5599},
 primaryClass = {astro-ph.CO},
       adsurl = {https://ui.adsabs.harvard.edu/abs/2011MNRAS.410.2481R},
      adsnote = {Provided by the SAO/NASA Astrophysics Data System}
}

@ARTICLE{2013A&A...558A.118H,
       author = {{Hurier}, G. and {Mac{\'\i}as-P{\'e}rez}, J.~F. and {Hildebrandt}, S.},
        title = "{MILCA, a modified internal linear combination algorithm to extract astrophysical emissions from multifrequency sky maps}",
      journal = {\aap},
     keywords = {methods: data analysis, techniques: image processing, cosmic background radiation, Astrophysics - Instrumentation and Methods for Astrophysics, Astrophysics - Cosmology and Nongalactic Astrophysics},
         year = "2013",
        month = "Oct",
       volume = {558},
          eid = {A118},
        pages = {A118},
          doi = {10.1051/0004-6361/201321891},
archivePrefix = {arXiv},
       eprint = {1007.1149},
 primaryClass = {astro-ph.IM},
       adsurl = {https://ui.adsabs.harvard.edu/abs/2013A&A...558A.118H},
      adsnote = {Provided by the SAO/NASA Astrophysics Data System}
}

@ARTICLE{2008arXiv0811.4277V,
       author = {{Vio}, R. and {Andreani}, P.},
        title = "{``Internal Linear Combination'' method for the separation of CMB from Galactic foregrounds in the harmonic domain}",
      journal = {arXiv e-prints},
     keywords = {Astrophysics},
         year = "2008",
        month = "Nov",
          eid = {arXiv:0811.4277},
        pages = {arXiv:0811.4277},
archivePrefix = {arXiv},
       eprint = {0811.4277},
 primaryClass = {astro-ph},
       adsurl = {https://ui.adsabs.harvard.edu/abs/2008arXiv0811.4277V},
      adsnote = {Provided by the SAO/NASA Astrophysics Data System}
}

@ARTICLE{1996ApJ...462..563N,
       author = {{Navarro}, Julio F. and {Frenk}, Carlos S. and {White}, Simon D.~M.},
        title = "{The Structure of Cold Dark Matter Halos}",
      journal = {\apj},
     keywords = {COSMOLOGY: THEORY, COSMOLOGY: DARK MATTER, GALAXIES: HALOS, METHODS: NUMERICAL, Astrophysics},
         year = "1996",
        month = "May",
       volume = {462},
        pages = {563},
          doi = {10.1086/177173},
archivePrefix = {arXiv},
       eprint = {astro-ph/9508025},
 primaryClass = {astro-ph},
       adsurl = {https://ui.adsabs.harvard.edu/abs/1996ApJ...462..563N},
      adsnote = {Provided by the SAO/NASA Astrophysics Data System}
}

@ARTICLE{1992ApJ...398..169R,
       author = {{Rybicki}, George B. and {Press}, William H.},
        title = "{Interpolation, Realization, and Reconstruction of Noisy, Irregularly Sampled Data}",
      journal = {\apj},
     keywords = {Data Sampling, Interpolation, Linear Prediction, Reconstruction, Statistical Analysis, Bayes Theorem, Estimators, Monte Carlo Method, Wiener Filtering, STATISTICS AND PROBABILITY, METHODS: ANALYTICAL, METHODS: DATA ANALYSIS, METHODS: NUMERICAL},
         year = "1992",
        month = "Oct",
       volume = {398},
        pages = {169},
          doi = {10.1086/171845},
       adsurl = {https://ui.adsabs.harvard.edu/abs/1992ApJ...398..169R},
      adsnote = {Provided by the SAO/NASA Astrophysics Data System}
}

@ARTICLE{2018MNRAS.473.4318A,
       author = {{Ando}, Shin'ichiro and {Benoit-L{\'e}vy}, Aur{\'e}lien and
         {Komatsu}, Eiichiro},
        title = "{Angular power spectrum of galaxies in the 2MASS Redshift Survey}",
      journal = {\mnras},
     keywords = {galaxies: fundamental parameters, large-scale structure of Universe, Astrophysics - Cosmology and Nongalactic Astrophysics},
         year = "2018",
        month = "Feb",
       volume = {473},
       number = {4},
        pages = {4318-4325},
          doi = {10.1093/mnras/stx2634},
archivePrefix = {arXiv},
       eprint = {1706.05422},
 primaryClass = {astro-ph.CO},
       adsurl = {https://ui.adsabs.harvard.edu/abs/2018MNRAS.473.4318A},
      adsnote = {Provided by the SAO/NASA Astrophysics Data System}
}

@ARTICLE{2013MNRAS.430..725V,
   author = {{van den Bosch}, F.~C. and {More}, S. and {Cacciato}, M. and 
	{Mo}, H. and {Yang}, X.},
    title = "{Cosmological constraints from a combination of galaxy clustering and lensing - I. Theoretical framework}",
  journal = {\mnras},
archivePrefix = "arXiv",
   eprint = {1206.6890},
 keywords = {methods: statistical, galaxies: haloes, cosmological parameters, dark matter, large-scale structure of Universe},
     year = 2013,
    month = apr,
   volume = 430,
    pages = {725-746},
      doi = {10.1093/mnras/sts006},
   adsurl = {https://ui.adsabs.harvard.edu/abs/2013MNRAS.430..725V},
  adsnote = {Provided by the SAO/NASA Astrophysics Data System}
}

@ARTICLE{2005ApJ...633..791Z,
   author = {{Zheng}, Z. and {Berlind}, A.~A. and {Weinberg}, D.~H. and {Benson}, A.~J. and 
	{Baugh}, C.~M. and {Cole}, S. and {Dav{\'e}}, R. and {Frenk}, C.~S. and 
	{Katz}, N. and {Lacey}, C.~G.},
    title = "{Theoretical Models of the Halo Occupation Distribution: Separating Central and Satellite Galaxies}",
  journal = {\apj},
   eprint = {astro-ph/0408564},
 keywords = {Cosmology: Theory, Galaxies: Formation, Galaxies: Halos, Cosmology: Large-Scale Structure of Universe},
     year = 2005,
    month = nov,
   volume = 633,
    pages = {791-809},
      doi = {10.1086/466510},
   adsurl = {https://ui.adsabs.harvard.edu/abs/2005ApJ...633..791Z},
  adsnote = {Provided by the SAO/NASA Astrophysics Data System}
}

@ARTICLE{2002ApJ...575..587B,
   author = {{Berlind}, A.~A. and {Weinberg}, D.~H.},
    title = "{The Halo Occupation Distribution: Toward an Empirical Determination of the Relation between Galaxies and Mass}",
  journal = {\apj},
   eprint = {astro-ph/0109001},
 keywords = {Cosmology: Theory, Galaxies: Formation, Cosmology: Large-Scale Structure of Universe, Methods: n-Body Simulations},
     year = 2002,
    month = aug,
   volume = 575,
    pages = {587-616},
      doi = {10.1086/341469},
   adsurl = {https://ui.adsabs.harvard.edu/abs/2002ApJ...575..587B},
  adsnote = {Provided by the SAO/NASA Astrophysics Data System}
}

@ARTICLE{2011ApJ...736...59Z,
   author = {{Zehavi}, I. and {Zheng}, Z. and {Weinberg}, D.~H. and {Blanton}, M.~R. and 
	{Bahcall}, N.~A. and {Berlind}, A.~A. and {Brinkmann}, J. and 
	{Frieman}, J.~A. and {Gunn}, J.~E. and {Lupton}, R.~H. and {Nichol}, R.~C. and 
	{Percival}, W.~J. and {Schneider}, D.~P. and {Skibba}, R.~A. and 
	{Strauss}, M.~A. and {Tegmark}, M. and {York}, D.~G.},
    title = "{Galaxy Clustering in the Completed SDSS Redshift Survey: The Dependence on Color and Luminosity}",
  journal = {\apj},
archivePrefix = "arXiv",
   eprint = {1005.2413},
 keywords = {cosmology: observations, cosmology: theory, galaxies: distances and redshifts, galaxies: halos, galaxies: statistics, large-scale structure of universe},
     year = 2011,
    month = jul,
   volume = 736,
      eid = {59},
    pages = {59},
      doi = {10.1088/0004-637X/736/1/59},
   adsurl = {https://ui.adsabs.harvard.edu/abs/2011ApJ...736...59Z},
  adsnote = {Provided by the SAO/NASA Astrophysics Data System}
}

@ARTICLE{2017MNRAS.467.2315V,
   author = {{Vikram}, V. and {Lidz}, A. and {Jain}, B.},
    title = "{A Measurement of the Galaxy Group-Thermal Sunyaev-Zel'dovich Effect Cross-Correlation Function}",
  journal = {\mnras},
archivePrefix = "arXiv",
   eprint = {1608.04160},
 keywords = {galaxies:formation, galaxies: clusters: general, galaxies:groups:general, cosmology: theory, large-scale structure of the Universe, cosmic microwave background, galaxies: formation, galaxies: groups: general, large-scale structure of Universe},
     year = 2017,
    month = may,
   volume = 467,
    pages = {2315-2330},
      doi = {10.1093/mnras/stw3311},
   adsurl = {https://ui.adsabs.harvard.edu/abs/2017MNRAS.467.2315V},
  adsnote = {Provided by the SAO/NASA Astrophysics Data System}
}

@ARTICLE{2019arXiv190413347P,
       author = {{Pandey}, S. and {Baxter}, E.~J. and {Xu}, Z. and
         {Orlowski-Scherer}, J. and {Zhu}, N. and {Lidz}, A. and {Aguirre}, J. and
         {DeRose}, J. and {Devlin}, M. and {Hill}, J.~C.},
        title = "{Constraints on the redshift evolution of astrophysical feedback with Sunyaev-Zeldovich effect cross-correlations}",
      journal = {arXiv e-prints},
     keywords = {Astrophysics - Cosmology and Nongalactic Astrophysics},
         year = "2019",
        month = "Apr",
          eid = {arXiv:1904.13347},
        pages = {arXiv:1904.13347},
archivePrefix = {arXiv},
       eprint = {1904.13347},
 primaryClass = {astro-ph.CO},
       adsurl = {https://ui.adsabs.harvard.edu/abs/2019arXiv190413347P},
      adsnote = {Provided by the SAO/NASA Astrophysics Data System}
}

@ARTICLE{2012ApJ...758...75B,
       author = {{Battaglia}, N. and {Bond}, J.~R. and {Pfrommer}, C. and
         {Sievers}, J.~L.},
        title = "{On the Cluster Physics of Sunyaev-Zel'dovich and X-Ray Surveys. II. Deconstructing the Thermal SZ Power Spectrum}",
      journal = {\apj},
     keywords = {cosmic background radiation, cosmology: theory, galaxies: clusters: general, large-scale structure of universe, methods: numerical, Astrophysics - Cosmology and Nongalactic Astrophysics},
         year = "2012",
        month = "Oct",
       volume = {758},
       number = {2},
          eid = {75},
        pages = {75},
          doi = {10.1088/0004-637X/758/2/75},
archivePrefix = {arXiv},
       eprint = {1109.3711},
 primaryClass = {astro-ph.CO},
       adsurl = {https://ui.adsabs.harvard.edu/abs/2012ApJ...758...75B},
      adsnote = {Provided by the SAO/NASA Astrophysics Data System}
}

@ARTICLE{2004ApJ...612..633E,
       author = {{Eriksen}, H.~K. and {Banday}, A.~J. and {G{\'o}rski}, K.~M. and
         {Lilje}, P.~B.},
        title = "{On Foreground Removal from the Wilkinson Microwave Anisotropy Probe Data by an Internal Linear Combination Method: Limitations and Implications}",
      journal = {\apj},
     keywords = {Cosmology: Cosmic Microwave Background, Cosmology: Observations, Methods: Numerical, Astrophysics},
         year = "2004",
        month = "Sep",
       volume = {612},
       number = {2},
        pages = {633-646},
          doi = {10.1086/422807},
archivePrefix = {arXiv},
       eprint = {astro-ph/0403098},
 primaryClass = {astro-ph},
       adsurl = {https://ui.adsabs.harvard.edu/abs/2004ApJ...612..633E},
      adsnote = {Provided by the SAO/NASA Astrophysics Data System}
}

@ARTICLE{2016A&A...594A..27P,
       author = {{Planck Collaboration} and {Ade}, P.~A.~R. and {Aghanim}, N. and
         {Arnaud}, M. and {Ashdown}, M. and {Aumont}, J. and {Baccigalupi}, C. and
         {Banday}, A.~J. and {Barreiro}, R.~B. and {Barrena}, R.},
        title = "{Planck 2015 results. XXVII. The second Planck catalogue of Sunyaev-Zeldovich sources}",
      journal = {\aap},
     keywords = {cosmology: observations, galaxies: clusters: general, catalogs, Astrophysics - Cosmology and Nongalactic Astrophysics},
         year = "2016",
        month = "Sep",
       volume = {594},
          eid = {A27},
        pages = {A27},
          doi = {10.1051/0004-6361/201525823},
archivePrefix = {arXiv},
       eprint = {1502.01598},
 primaryClass = {astro-ph.CO},
       adsurl = {https://ui.adsabs.harvard.edu/abs/2016A&A...594A..27P},
      adsnote = {Provided by the SAO/NASA Astrophysics Data System}
}

@ARTICLE{2016A&A...594A..22P,
       author = {{Planck Collaboration} and {Aghanim}, N. and {Arnaud}, M. and
         {Ashdown}, M. and {Aumont}, J. and {Baccigalupi}, C. and {Band
        ay}, A.~J. and {Barreiro}, R.~B. and {Bartlett}, J.~G. and {Bartolo}, N.},
        title = "{Planck 2015 results. XXII. A map of the thermal Sunyaev-Zeldovich effect}",
      journal = {\aap},
     keywords = {large-scale structure of Universe, cosmology: observations, Astrophysics - Cosmology and Nongalactic Astrophysics},
         year = "2016",
        month = "Sep",
       volume = {594},
          eid = {A22},
        pages = {A22},
          doi = {10.1051/0004-6361/201525826},
archivePrefix = {arXiv},
       eprint = {1502.01596},
 primaryClass = {astro-ph.CO},
       adsurl = {https://ui.adsabs.harvard.edu/abs/2016A&A...594A..22P},
      adsnote = {Provided by the SAO/NASA Astrophysics Data System}
}

@ARTICLE{1998ApJ...500..525S,
   author = {{Schlegel}, D.~J. and {Finkbeiner}, D.~P. and {Davis}, M.},
    title = "{Maps of Dust Infrared Emission for Use in Estimation of Reddening and Cosmic Microwave Background Radiation Foregrounds}",
  journal = {\apj},
   eprint = {astro-ph/9710327},
 keywords = {COSMOLOGY: DIFFUSE RADIATION, COSMOLOGY: COSMIC MICROWAVE BACKGROUND, ISM: DUST, EXTINCTION, INTERPLANETARY MEDIUM, INFRARED: ISM: CONTINUUM, Cosmology: Cosmic Microwave Background, Cosmology: Diffuse Radiation, ISM: Dust, Extinction, Infrared: ISM: Continuum, Interplanetary Medium},
     year = 1998,
    month = jun,
   volume = 500,
    pages = {525-553},
      doi = {10.1086/305772},
   adsurl = {https://ui.adsabs.harvard.edu/abs/1998ApJ...500..525S},
  adsnote = {Provided by the SAO/NASA Astrophysics Data System}
}

@ARTICLE{2017MNRAS.465.1847E,
       author = {{Elsner}, Franz and {Leistedt}, Boris and {Peiris}, Hiranya V.},
        title = "{Unbiased pseudo-C$_{{\ensuremath{\ell}}}$ power spectrum estimation with mode projection}",
      journal = {\mnras},
     keywords = {methods: data analysis, methods: numerical, methods: statistical, cosmology: observations, large-scale structure of Universe, Astrophysics - Cosmology and Nongalactic Astrophysics},
         year = "2017",
        month = "Feb",
       volume = {465},
       number = {2},
        pages = {1847-1855},
          doi = {10.1093/mnras/stw2752},
archivePrefix = {arXiv},
       eprint = {1609.03577},
 primaryClass = {astro-ph.CO},
       adsurl = {https://ui.adsabs.harvard.edu/abs/2017MNRAS.465.1847E},
      adsnote = {Provided by the SAO/NASA Astrophysics Data System}
}

@ARTICLE{2019MNRAS.484.4127A,
       author = {{Alonso}, David and {Sanchez}, Javier and {Slosar}, An{\v{z}}e and
         {LSST Dark Energy Science Collaboration}},
        title = "{A unified pseudo-C$_{{\ensuremath{\ell}}}$ framework}",
      journal = {\mnras},
     keywords = {methods: data analysis, methods: numerical, Astrophysics - Cosmology and Nongalactic Astrophysics},
         year = "2019",
        month = "Apr",
       volume = {484},
       number = {3},
        pages = {4127-4151},
          doi = {10.1093/mnras/stz093},
archivePrefix = {arXiv},
       eprint = {1809.09603},
 primaryClass = {astro-ph.CO},
       adsurl = {https://ui.adsabs.harvard.edu/abs/2019MNRAS.484.4127A},
      adsnote = {Provided by the SAO/NASA Astrophysics Data System}
}

@ARTICLE{2016MNRAS.462.2085P,
       author = {{Peacock}, J.~A. and {Hambly}, N.~C. and {Bilicki}, M. and
         {MacGillivray}, H.~T. and {Miller}, L. and {Read}, M.~A. and
         {Tritton}, S.~B.},
        title = "{The SuperCOSMOS all-sky galaxy catalogue}",
      journal = {\mnras},
     keywords = {methods: observational, techniques: photometric, catalogues, surveys, galaxies: photometry, Astrophysics - Cosmology and Nongalactic Astrophysics, Astrophysics - Astrophysics of Galaxies},
         year = "2016",
        month = "Oct",
       volume = {462},
       number = {2},
        pages = {2085-2098},
          doi = {10.1093/mnras/stw1818},
archivePrefix = {arXiv},
       eprint = {1607.01189},
 primaryClass = {astro-ph.CO},
       adsurl = {https://ui.adsabs.harvard.edu/abs/2016MNRAS.462.2085P},
      adsnote = {Provided by the SAO/NASA Astrophysics Data System}
}

@ARTICLE{2003MNRAS.341.1311S,
       author = {{Smith}, R.~E. and {Peacock}, J.~A. and {Jenkins}, A. and
         {White}, S.~D.~M. and {Frenk}, C.~S. and {Pearce}, F.~R. and
         {Thomas}, P.~A. and {Efstathiou}, G. and {Couchman}, H.~M.~P.},
        title = "{Stable clustering, the halo model and non-linear cosmological power spectra}",
      journal = {\mnras},
     keywords = {methods: N-body simulations, cosmology: theory, large-scale structure of Universe, Astrophysics},
         year = "2003",
        month = "Jun",
       volume = {341},
       number = {4},
        pages = {1311-1332},
          doi = {10.1046/j.1365-8711.2003.06503.x},
archivePrefix = {arXiv},
       eprint = {astro-ph/0207664},
 primaryClass = {astro-ph},
       adsurl = {https://ui.adsabs.harvard.edu/abs/2003MNRAS.341.1311S},
      adsnote = {Provided by the SAO/NASA Astrophysics Data System}
}

@ARTICLE{2016ApJS..225....5B,
       author = {{Bilicki}, Maciej and {Peacock}, John A. and {Jarrett}, Thomas H. and
         {Cluver}, Michelle E. and {Maddox}, Natasha and {Brown}, Michael J.~I. and
         {Taylor}, Edward N. and {Hambly}, Nigel C. and {Solarz}, Aleksandra and
         {Holwerda}, Benne W.},
        title = "{WISE {\texttimes} SuperCOSMOS Photometric Redshift Catalog: 20 Million Galaxies over 3/pi Steradians}",
      journal = {\apjs},
     keywords = {catalogs, galaxies: distances and redshifts, large-scale structure of universe, methods: data analysis, methods: statistical, surveys, Astrophysics - Cosmology and Nongalactic Astrophysics, Astrophysics - Astrophysics of Galaxies, Astrophysics - Instrumentation and Methods for Astrophysics},
         year = "2016",
        month = "Jul",
       volume = {225},
       number = {1},
          eid = {5},
        pages = {5},
          doi = {10.3847/0067-0049/225/1/5},
archivePrefix = {arXiv},
       eprint = {1607.01182},
 primaryClass = {astro-ph.CO},
       adsurl = {https://ui.adsabs.harvard.edu/abs/2016ApJS..225....5B},
      adsnote = {Provided by the SAO/NASA Astrophysics Data System}
}

@ARTICLE{2014ApJS..210....9B,
       author = {{Bilicki}, Maciej and {Jarrett}, Thomas H. and {Peacock}, John A. and
         {Cluver}, Michelle E. and {Steward}, Louise},
        title = "{Two Micron All Sky Survey Photometric Redshift Catalog: A Comprehensive Three-dimensional Census of the Whole Sky}",
      journal = {\apjs},
     keywords = {catalogs, galaxies: distances and redshifts, large-scale structure of universe, methods: data analysis, methods: statistical, surveys, Astrophysics - Cosmology and Extragalactic Astrophysics, Astrophysics - Instrumentation and Methods for Astrophysics},
         year = "2014",
        month = "Jan",
       volume = {210},
       number = {1},
          eid = {9},
        pages = {9},
          doi = {10.1088/0067-0049/210/1/9},
archivePrefix = {arXiv},
       eprint = {1311.5246},
 primaryClass = {astro-ph.CO},
       adsurl = {https://ui.adsabs.harvard.edu/abs/2014ApJS..210....9B},
      adsnote = {Provided by the SAO/NASA Astrophysics Data System}
}

@ARTICLE{2016A&A...594A..24P,
       author = {{Planck Collaboration} and {Ade}, P.~A.~R. and {Aghanim}, N. and
         {Arnaud}, M. and {Ashdown}, M. and {Aumont}, J. and {Baccigalupi}, C. and
         {Banday}, A.~J. and {Barreiro}, R.~B. and {Bartlett}, J.~G. and
         {Bartolo}, N. and {Battaner}, E. and {Battye}, R. and {Benabed}, K. and
         {Beno{\^\i}t}, A. and {Benoit-L{\'e}vy}, A. and {Bernard}, J. -P. and
         {Bersanelli}, M. and {Bielewicz}, P. and {Bock}, J.~J. and
         {Bonaldi}, A. and {Bonavera}, L. and {Bond}, J.~R. and {Borrill}, J. and
         {Bouchet}, F.~R. and {Bucher}, M. and {Burigana}, C. and
         {Butler}, R.~C. and {Calabrese}, E. and {Cardoso}, J. -F. and
         {Catalano}, A. and {Challinor}, A. and {Chamballu}, A. and
         {Chary}, R. -R. and {Chiang}, H.~C. and {Christensen}, P.~R. and
         {Church}, S. and {Clements}, D.~L. and {Colombi}, S. and
         {Colombo}, L.~P.~L. and {Combet}, C. and {Comis}, B. and {Couchot}, F. and
         {Coulais}, A. and {Crill}, B.~P. and {Curto}, A. and {Cuttaia}, F. and
         {Danese}, L. and {Davies}, R.~D. and {Davis}, R.~J. and
         {de Bernardis}, P. and {de Rosa}, A. and {de Zotti}, G. and
         {Delabrouille}, J. and {D{\'e}sert}, F. -X. and {Diego}, J.~M. and
         {Dolag}, K. and {Dole}, H. and {Donzelli}, S. and {Dor{\'e}}, O. and
         {Douspis}, M. and {Ducout}, A. and {Dupac}, X. and {Efstathiou}, G. and
         {Elsner}, F. and {En{\ss}lin}, T.~A. and {Eriksen}, H.~K. and
         {Falgarone}, E. and {Fergusson}, J. and {Finelli}, F. and {Forni}, O. and
         {Frailis}, M. and {Fraisse}, A.~A. and {Franceschi}, E. and
         {Frejsel}, A. and {Galeotta}, S. and {Galli}, S. and {Ganga}, K. and
         {Giard}, M. and {Giraud-H{\'e}raud}, Y. and {Gjerl{\o}w}, E. and
         {Gonz{\'a}lez-Nuevo}, J. and {G{\'o}rski}, K.~M. and {Gratton}, S. and
         {Gregorio}, A. and {Gruppuso}, A. and {Gudmundsson}, J.~E. and
         {Hansen}, F.~K. and {Hanson}, D. and {Harrison}, D.~L. and
         {Henrot-Versill{\'e}}, S. and {Hern{\'a}ndez-Monteagudo}, C. and
         {Herranz}, D. and {Hildebrandt}, S.~R. and {Hivon}, E. and
         {Hobson}, M. and {Holmes}, W.~A. and {Hornstrup}, A. and {Hovest}, W. and
         {Huffenberger}, K.~M. and {Hurier}, G. and {Jaffe}, A.~H. and
         {Jaffe}, T.~R. and {Jones}, W.~C. and {Juvela}, M. and
         {Keih{\"a}nen}, E. and {Keskitalo}, R. and {Kisner}, T.~S. and
         {Kneissl}, R. and {Knoche}, J. and {Kunz}, M. and {Kurki-Suonio}, H. and
         {Lagache}, G. and {L{\"a}hteenm{\"a}ki}, A. and {Lamarre}, J. -M. and
         {Lasenby}, A. and {Lattanzi}, M. and {Lawrence}, C.~R. and
         {Leonardi}, R. and {Lesgourgues}, J. and {Levrier}, F. and
         {Liguori}, M. and {Lilje}, P.~B. and {Linden-V{\o}rnle}, M. and
         {L{\'o}pez-Caniego}, M. and {Lubin}, P.~M. and
         {Mac{\'\i}as-P{\'e}rez}, J.~F. and {Maggio}, G. and {Maino}, D. and {Mand
        olesi}, N. and {Mangilli}, A. and {Maris}, M. and {Martin}, P.~G. and
         {Mart{\'\i}nez-Gonz{\'a}lez}, E. and {Masi}, S. and {Matarrese}, S. and
         {McGehee}, P. and {Meinhold}, P.~R. and {Melchiorri}, A. and
         {Melin}, J. -B. and {Mendes}, L. and {Mennella}, A. and
         {Migliaccio}, M. and {Mitra}, S. and {Miville-Desch{\^e}nes}, M. -A. and
         {Moneti}, A. and {Montier}, L. and {Morgante}, G. and {Mortlock}, D. and
         {Moss}, A. and {Munshi}, D. and {Murphy}, J.~A. and {Naselsky}, P. and
         {Nati}, F. and {Natoli}, P. and {Netterfield}, C.~B. and
         {N{\o}rgaard-Nielsen}, H.~U. and {Noviello}, F. and {Novikov}, D. and
         {Novikov}, I. and {Oxborrow}, C.~A. and {Paci}, F. and {Pagano}, L. and
         {Pajot}, F. and {Paoletti}, D. and {Partridge}, B. and {Pasian}, F. and
         {Patanchon}, G. and {Pearson}, T.~J. and {Perdereau}, O. and
         {Perotto}, L. and {Perrotta}, F. and {Pettorino}, V. and
         {Piacentini}, F. and {Piat}, M. and {Pierpaoli}, E. and
         {Pietrobon}, D. and {Plaszczynski}, S. and {Pointecouteau}, E. and
         {Polenta}, G. and {Popa}, L. and {Pratt}, G.~W. and {Pr{\'e}zeau}, G. and
         {Prunet}, S. and {Puget}, J. -L. and {Rachen}, J.~P. and {Rebolo}, R. and
         {Reinecke}, M. and {Remazeilles}, M. and {Renault}, C. and {Renzi}, A. and
         {Ristorcelli}, I. and {Rocha}, G. and {Roman}, M. and {Rosset}, C. and
         {Rossetti}, M. and {Roudier}, G. and {Rubi{\~n}o-Mart{\'\i}n}, J.~A. and
         {Rusholme}, B. and {Sandri}, M. and {Santos}, D. and {Savelainen}, M. and
         {Savini}, G. and {Scott}, D. and {Seiffert}, M.~D. and
         {Shellard}, E.~P.~S. and {Spencer}, L.~D. and {Stolyarov}, V. and
         {Stompor}, R. and {Sudiwala}, R. and {Sunyaev}, R. and {Sutton}, D. and
         {Suur-Uski}, A. -S. and {Sygnet}, J. -F. and {Tauber}, J.~A. and
         {Terenzi}, L. and {Toffolatti}, L. and {Tomasi}, M. and {Tristram}, M. and
         {Tucci}, M. and {Tuovinen}, J. and {T{\"u}rler}, M. and {Umana}, G. and
         {Valenziano}, L. and {Valiviita}, J. and {Van Tent}, B. and
         {Vielva}, P. and {Villa}, F. and {Wade}, L.~A. and {Wandelt}, B.~D. and
         {Wehus}, I.~K. and {Weller}, J. and {White}, S.~D.~M. and {Yvon}, D. and
         {Zacchei}, A. and {Zonca}, A.},
        title = "{Planck 2015 results. XXIV. Cosmology from Sunyaev-Zeldovich cluster counts}",
      journal = {\aap},
     keywords = {cosmological parameters, large-scale structure of Universe, Astrophysics - Cosmology and Nongalactic Astrophysics},
         year = "2016",
        month = "Sep",
       volume = {594},
          eid = {A24},
        pages = {A24},
          doi = {10.1051/0004-6361/201525833},
archivePrefix = {arXiv},
       eprint = {1502.01597},
 primaryClass = {astro-ph.CO},
       adsurl = {https://ui.adsabs.harvard.edu/abs/2016A&A...594A..24P},
      adsnote = {Provided by the SAO/NASA Astrophysics Data System}
}

@ARTICLE{2019arXiv190413347P,
       author = {{Pandey}, S. and {Baxter}, E.~J. and {Xu}, Z. and
         {Orlowski-Scherer}, J. and {Zhu}, N. and {Lidz}, A. and {Aguirre}, J. and
         {DeRose}, J. and {Devlin}, M. and {Hill}, J.~C. and {Jain}, B. and
         {Sheth}, R.~K. and {Avila}, S. and {Bertin}, E. and {Brooks}, D. and
         {Buckley-Geer}, E. and {Carnero Rosell}, A. and {Carrasco Kind}, M. and
         {Carretero}, J. and {Castander}, F.~J. and {Cawthon}, R. and
         {da Costa}, L.~N. and {De Vicente}, J. and {Desai}, S. and
         {Diehl}, H.~T. and {Dietrich}, J.~P. and {Doel}, P. and
         {Evrard}, A.~E. and {Flaugher}, B. and {Fosalba}, P. and {Frieman}, J. and
         {Garc{\'\i}a-Bellido}, J. and {Gerdes}, D.~W. and {Giannantonio}, T. and
         {Gruendl}, R.~A. and {Gschwend}, J. and {Hartley}, W.~G. and
         {Hollowood}, D.~L. and {James}, D.~J. and {Krause}, E. and {Kuehn}, K. and
         {Kuropatkin}, N. and {Maia}, M.~A.~G. and {Marshall}, J.~L. and
         {Melchior}, P. and {Menanteau}, F. and {Miquel}, R. and
         {Plazas}, A.~A. and {Roodman}, A. and {Sanchez}, E. and {Serrano}, S. and
         {Sevilla-Noarbe}, I. and {Smith}, M. and {Soares-Santos}, M. and
         {Sobreira}, F. and {Suchyta}, E. and {Swanson}, M.~E.~C. and
         {Tarle}, G. and {Wechsler}, R.~H.},
        title = "{Constraints on the redshift evolution of astrophysical feedback with Sunyaev-Zeldovich effect cross-correlations}",
      journal = {arXiv e-prints},
     keywords = {Astrophysics - Cosmology and Nongalactic Astrophysics},
         year = "2019",
        month = "Apr",
          eid = {arXiv:1904.13347},
        pages = {arXiv:1904.13347},
archivePrefix = {arXiv},
       eprint = {1904.13347},
 primaryClass = {astro-ph.CO},
       adsurl = {https://ui.adsabs.harvard.edu/abs/2019arXiv190413347P},
      adsnote = {Provided by the SAO/NASA Astrophysics Data System}
}

@ARTICLE{2018MNRAS.480.3928M,
   author = {{Makiya}, R. and {Ando}, S. and {Komatsu}, E.},
    title = "{Joint analysis of the thermal Sunyaev-Zeldovich effect and 2MASS galaxies: probing gas physics in the local Universe and beyond}",
  journal = {\mnras},
archivePrefix = "arXiv",
   eprint = {1804.05008},
 keywords = {galaxies: clusters: general, galaxies: clusters: intracluster medium, cosmic background radiation, cosmological parameters, cosmology: theory},
     year = 2018,
    month = nov,
   volume = 480,
    pages = {3928-3941},
      doi = {10.1093/mnras/sty2031},
   adsurl = {http://adsabs.harvard.edu/abs/2018MNRAS.480.3928M},
  adsnote = {Provided by the SAO/NASA Astrophysics Data System}
}

@ARTICLE{2016A&A...594A..22P,
       author = {{Planck Collaboration} and {Aghanim}, N. and {Arnaud}, M. and
         {Ashdown}, M. and {Aumont}, J. and {Baccigalupi}, C. and {Band
        ay}, A.~J. and {Barreiro}, R.~B. and {Bartlett}, J.~G. and
         {Bartolo}, N. and {Battaner}, E. and {Battye}, R. and {Benabed}, K. and
         {Beno{\^\i}t}, A. and {Benoit-L{\'e}vy}, A. and {Bernard}, J. -P. and
         {Bersanelli}, M. and {Bielewicz}, P. and {Bock}, J.~J. and
         {Bonaldi}, A. and {Bonavera}, L. and {Bond}, J.~R. and {Borrill}, J. and
         {Bouchet}, F.~R. and {Burigana}, C. and {Butler}, R.~C. and
         {Calabrese}, E. and {Cardoso}, J. -F. and {Catalano}, A. and
         {Challinor}, A. and {Chiang}, H.~C. and {Christensen}, P.~R. and
         {Churazov}, E. and {Clements}, D.~L. and {Colombo}, L.~P.~L. and
         {Combet}, C. and {Comis}, B. and {Coulais}, A. and {Crill}, B.~P. and
         {Curto}, A. and {Cuttaia}, F. and {Danese}, L. and {Davies}, R.~D. and
         {Davis}, R.~J. and {de Bernardis}, P. and {de Rosa}, A. and
         {de Zotti}, G. and {Delabrouille}, J. and {D{\'e}sert}, F. -X. and
         {Dickinson}, C. and {Diego}, J.~M. and {Dolag}, K. and {Dole}, H. and
         {Donzelli}, S. and {Dor{\'e}}, O. and {Douspis}, M. and {Ducout}, A. and
         {Dupac}, X. and {Efstathiou}, G. and {Elsner}, F. and
         {En{\ss}lin}, T.~A. and {Eriksen}, H.~K. and {Fergusson}, J. and
         {Finelli}, F. and {Forni}, O. and {Frailis}, M. and {Fraisse}, A.~A. and
         {Franceschi}, E. and {Frejsel}, A. and {Galeotta}, S. and {Galli}, S. and
         {Ganga}, K. and {G{\'e}nova-Santos}, R.~T. and {Giard}, M. and
         {Gonz{\'a}lez-Nuevo}, J. and {G{\'o}rski}, K.~M. and {Gregorio}, A. and
         {Gruppuso}, A. and {Gudmundsson}, J.~E. and {Hansen}, F.~K. and
         {Harrison}, D.~L. and {Henrot-Versill{\'e}}, S. and
         {Hern{\'a}ndez-Monteagudo}, C. and {Herranz}, D. and {Hildebrand
        t}, S.~R. and {Hivon}, E. and {Holmes}, W.~A. and {Hornstrup}, A. and
         {Huffenberger}, K.~M. and {Hurier}, G. and {Jaffe}, A.~H. and
         {Jones}, W.~C. and {Juvela}, M. and {Keih{\"a}nen}, E. and
         {Keskitalo}, R. and {Kneissl}, R. and {Knoche}, J. and {Kunz}, M. and
         {Kurki-Suonio}, H. and {Lacasa}, F. and {Lagache}, G. and
         {L{\"a}hteenm{\"a}ki}, A. and {Lamarre}, J. -M. and {Lasenby}, A. and
         {Lattanzi}, M. and {Leonardi}, R. and {Lesgourgues}, J. and
         {Levrier}, F. and {Liguori}, M. and {Lilje}, P.~B. and
         {Linden-V{\o}rnle}, M. and {L{\'o}pez-Caniego}, M. and
         {Mac{\'\i}as-P{\'e}rez}, J.~F. and {Maffei}, B. and {Maggio}, G. and
         {Maino}, D. and {Mandolesi}, N. and {Mangilli}, A. and {Maris}, M. and
         {Martin}, P.~G. and {Mart{\'\i}nez-Gonz{\'a}lez}, E. and {Masi}, S. and
         {Matarrese}, S. and {Melchiorri}, A. and {Melin}, J. -B. and
         {Migliaccio}, M. and {Miville-Desch{\^e}nes}, M. -A. and {Moneti}, A. and
         {Montier}, L. and {Morgante}, G. and {Mortlock}, D. and {Munshi}, D. and
         {Murphy}, J.~A. and {Naselsky}, P. and {Nati}, F. and {Natoli}, P. and
         {Noviello}, F. and {Novikov}, D. and {Novikov}, I. and {Paci}, F. and
         {Pagano}, L. and {Pajot}, F. and {Paoletti}, D. and {Pasian}, F. and
         {Patanchon}, G. and {Perdereau}, O. and {Perotto}, L. and
         {Pettorino}, V. and {Piacentini}, F. and {Piat}, M. and
         {Pierpaoli}, E. and {Pietrobon}, D. and {Plaszczynski}, S. and
         {Pointecouteau}, E. and {Polenta}, G. and {Ponthieu}, N. and
         {Pratt}, G.~W. and {Prunet}, S. and {Puget}, J. -L. and
         {Rachen}, J.~P. and {Reinecke}, M. and {Remazeilles}, M. and
         {Renault}, C. and {Renzi}, A. and {Ristorcelli}, I. and {Rocha}, G. and
         {Rossetti}, M. and {Roudier}, G. and {Rubi{\~n}o-Mart{\'\i}n}, J.~A. and
         {Rusholme}, B. and {Sandri}, M. and {Santos}, D. and {Sauv{\'e}}, A. and
         {Savelainen}, M. and {Savini}, G. and {Scott}, D. and {Spencer}, L.~D. and
         {Stolyarov}, V. and {Stompor}, R. and {Sunyaev}, R. and {Sutton}, D. and
         {Suur-Uski}, A. -S. and {Sygnet}, J. -F. and {Tauber}, J.~A. and
         {Terenzi}, L. and {Toffolatti}, L. and {Tomasi}, M. and {Tramonte}, D. and
         {Tristram}, M. and {Tucci}, M. and {Tuovinen}, J. and {Valenziano}, L. and
         {Valiviita}, J. and {Van Tent}, B. and {Vielva}, P. and {Villa}, F. and
         {Wade}, L.~A. and {Wandelt}, B.~D. and {Wehus}, I.~K. and {Yvon}, D. and
         {Zacchei}, A. and {Zonca}, A.},
        title = "{Planck 2015 results. XXII. A map of the thermal Sunyaev-Zeldovich effect}",
      journal = {\aap},
     keywords = {large-scale structure of Universe, cosmology: observations, Astrophysics - Cosmology and Nongalactic Astrophysics},
         year = "2016",
        month = "Sep",
       volume = {594},
          eid = {A22},
        pages = {A22},
          doi = {10.1051/0004-6361/201525826},
archivePrefix = {arXiv},
       eprint = {1502.01596},
 primaryClass = {astro-ph.CO},
       adsurl = {https://ui.adsabs.harvard.edu/abs/2016A&A...594A..22P},
      adsnote = {Provided by the SAO/NASA Astrophysics Data System}
}
@ARTICLE{2018MNRAS.481.1133P,
       author = {{Peacock}, J.~A. and {Bilicki}, M.},
        title = "{Wide-area tomography of CMB lensing and the growth of cosmological density fluctuations}",
      journal = {\mnras},
     keywords = {large-scale structure of Universe, cosmic background radiation, Astrophysics - Cosmology and Nongalactic Astrophysics},
         year = "2018",
        month = "Nov",
       volume = {481},
       number = {1},
        pages = {1133-1148},
          doi = {10.1093/mnras/sty2314},
archivePrefix = {arXiv},
       eprint = {1805.11525},
 primaryClass = {astro-ph.CO},
       adsurl = {https://ui.adsabs.harvard.edu/abs/2018MNRAS.481.1133P},
      adsnote = {Provided by the SAO/NASA Astrophysics Data System}
}

@ARTICLE{2018MNRAS.477.4957B,
   author = {{Bolliet}, B. and {Comis}, B. and {Komatsu}, E. and {Mac{\'{\i}}as-P{\'e}rez}, J.~F.
	},
    title = "{Dark energy constraints from the thermal Sunyaev-Zeldovich power spectrum}",
  journal = {\mnras},
archivePrefix = "arXiv",
   eprint = {1712.00788},
 keywords = {cosmological parameters, dark energy, cosmology: theory, cosmology: observations},
     year = 2018,
    month = jul,
   volume = 477,
    pages = {4957-4967},
      doi = {10.1093/mnras/sty823},
   adsurl = {http://adsabs.harvard.edu/abs/2018MNRAS.477.4957B},
  adsnote = {Provided by the SAO/NASA Astrophysics Data System}
}

@ARTICLE{2018MNRAS.476.1050B,
       author = {{Balaguera-Antol{\'\i}nez}, A. and {Bilicki}, M. and {Branchini}, E. and
         {Postiglione}, A.},
        title = "{Extracting cosmological information from the angular power spectrum of the 2MASS Photometric Redshift catalogue}",
      journal = {\mnras},
     keywords = {galaxies: photometry, cosmological parameters, large-scale structure of Universe, cosmology: observations, Astrophysics - Cosmology and Nongalactic Astrophysics},
         year = "2018",
        month = "May",
       volume = {476},
       number = {1},
        pages = {1050-1070},
          doi = {10.1093/mnras/sty262},
archivePrefix = {arXiv},
       eprint = {1711.04583},
 primaryClass = {astro-ph.CO},
       adsurl = {https://ui.adsabs.harvard.edu/abs/2018MNRAS.476.1050B},
      adsnote = {Provided by the SAO/NASA Astrophysics Data System}
}

@ARTICLE{2018MNRAS.473.4318A,
       author = {{Ando}, Shin'ichiro and {Benoit-L{\'e}vy}, Aur{\'e}lien and
         {Komatsu}, Eiichiro},
        title = "{Angular power spectrum of galaxies in the 2MASS Redshift Survey}",
      journal = {\mnras},
     keywords = {galaxies: fundamental parameters, large-scale structure of Universe, Astrophysics - Cosmology and Nongalactic Astrophysics},
         year = "2018",
        month = "Feb",
       volume = {473},
       number = {4},
        pages = {4318-4325},
          doi = {10.1093/mnras/stx2634},
archivePrefix = {arXiv},
       eprint = {1706.05422},
 primaryClass = {astro-ph.CO},
       adsurl = {https://ui.adsabs.harvard.edu/abs/2018MNRAS.473.4318A},
      adsnote = {Provided by the SAO/NASA Astrophysics Data System}
}

@ARTICLE{1998ApJ...495...80B,
   author = {{Bryan}, G.~L. and {Norman}, M.~L.},
    title = "{Statistical Properties of X-Ray Clusters: Analytic and Numerical Comparisons}",
  journal = {\apj},
   eprint = {astro-ph/9710107},
 keywords = {GALAXIES: CLUSTERS: GENERAL, METHODS: NUMERICAL, X-RAYS: GALAXIES, Galaxies: Clusters: General, Methods: Numerical, X-Rays: Galaxies},
     year = 1998,
    month = mar,
   volume = 495,
    pages = {80-99},
      doi = {10.1086/305262},
   adsurl = {http://cdsads.u-strasbg.fr/abs/1998ApJ...495...80B},
  adsnote = {Provided by the SAO/NASA Astrophysics Data System}
}

@ARTICLE{2008ApJ...688..709T,
       author = {{Tinker}, Jeremy and {Kravtsov}, Andrey V. and {Klypin}, Anatoly and
         {Abazajian}, Kevork and {Warren}, Michael and {Yepes}, Gustavo and
         {Gottl{\"o}ber}, Stefan and {Holz}, Daniel E.},
        title = "{Toward a Halo Mass Function for Precision Cosmology: The Limits of Universality}",
      journal = {\apj},
     keywords = {cosmology: theory, large-scale structure of universe, methods: numerical, Astrophysics},
         year = "2008",
        month = "Dec",
       volume = {688},
       number = {2},
        pages = {709-728},
          doi = {10.1086/591439},
archivePrefix = {arXiv},
       eprint = {0803.2706},
 primaryClass = {astro-ph},
       adsurl = {https://ui.adsabs.harvard.edu/abs/2008ApJ...688..709T},
      adsnote = {Provided by the SAO/NASA Astrophysics Data System}
}

@ARTICLE{2010ApJ...724..878T,
       author = {{Tinker}, Jeremy L. and {Robertson}, Brant E. and {Kravtsov}, Andrey V. and
         {Klypin}, Anatoly and {Warren}, Michael S. and {Yepes}, Gustavo and
         {Gottl{\"o}ber}, Stefan},
        title = "{The Large-scale Bias of Dark Matter Halos: Numerical Calibration and Model Tests}",
      journal = {\apj},
     keywords = {cosmology: theory, large-scale structure of universe, methods: numerical, Astrophysics - Cosmology and Nongalactic Astrophysics},
         year = "2010",
        month = "Dec",
       volume = {724},
       number = {2},
        pages = {878-886},
          doi = {10.1088/0004-637X/724/2/878},
archivePrefix = {arXiv},
       eprint = {1001.3162},
 primaryClass = {astro-ph.CO},
       adsurl = {https://ui.adsabs.harvard.edu/abs/2010ApJ...724..878T},
      adsnote = {Provided by the SAO/NASA Astrophysics Data System}
}

@ARTICLE{2008MNRAS.390L..64D,
       author = {{Duffy}, Alan R. and {Schaye}, Joop and {Kay}, Scott T. and
         {Dalla Vecchia}, Claudio},
        title = "{Dark matter halo concentrations in the Wilkinson Microwave Anisotropy Probe year 5 cosmology}",
      journal = {\mnras},
     keywords = {methods: N-body simulations, galaxies: clusters: general, galaxies: haloes, cosmological parameters, cosmology: theory, dark matter, Astrophysics},
         year = "2008",
        month = "Oct",
       volume = {390},
       number = {1},
        pages = {L64-L68},
          doi = {10.1111/j.1745-3933.2008.00537.x},
archivePrefix = {arXiv},
       eprint = {0804.2486},
 primaryClass = {astro-ph},
       adsurl = {https://ui.adsabs.harvard.edu/abs/2008MNRAS.390L..64D},
      adsnote = {Provided by the SAO/NASA Astrophysics Data System}
}

@ARTICLE{2010A&A...517A..92A,
   author = {{Arnaud}, M. and {Pratt}, G.~W. and {Piffaretti}, R. and {B{\"o}hringer}, H. and 
	{Croston}, J.~H. and {Pointecouteau}, E.},
    title = "{The universal galaxy cluster pressure profile from a representative sample of nearby systems (REXCESS) and the Y$_{SZ}$ - M$_{500}$ relation}",
  journal = {\aap},
archivePrefix = "arXiv",
   eprint = {0910.1234},
 keywords = {cosmology: observations, dark matter, galaxies: clusters: general, intergalactic, medium, X-rays: galaxies: clusters},
     year = 2010,
    month = jul,
   volume = 517,
      eid = {A92},
    pages = {A92},
      doi = {10.1051/0004-6361/200913416},
   adsurl = {http://adsabs.harvard.edu/abs/2010A%26A...517A..92A},
  adsnote = {Provided by the SAO/NASA Astrophysics Data System}
}