@ARTICLE{2010ApJ...724..878T,
   author = {{Tinker}, J.~L. and {Robertson}, B.~E. and {Kravtsov}, A.~V. and 
	{Klypin}, A. and {Warren}, M.~S. and {Yepes}, G. and {Gottl{\"o}ber}, S.
	},
    title = "{The Large-scale Bias of Dark Matter Halos: Numerical Calibration and Model Tests}",
  journal = {\apj},
archivePrefix = "arXiv",
   eprint = {1001.3162},
 keywords = {cosmology: theory, large-scale structure of universe, methods: numerical},
     year = 2010,
    month = dec,
   volume = 724,
    pages = {878-886},
      doi = {10.1088/0004-637X/724/2/878},
   adsurl = {http://adsabs.harvard.edu/abs/2010ApJ...724..878T},
  adsnote = {Provided by the SAO/NASA Astrophysics Data System}
}

@ARTICLE{2017MNRAS.470.2100K,
   author = {{Krause}, E. and {Eifler}, T.},
    title = "{cosmolike - cosmological likelihood analyses for photometric galaxy surveys}",
  journal = {\mnras},
archivePrefix = "arXiv",
   eprint = {1601.05779},
 keywords = {cosmological parameters, large-scale structure of Universe, cosmology: theory},
     year = 2017,
    month = sep,
   volume = 470,
    pages = {2100-2112},
      doi = {10.1093/mnras/stx1261},
   adsurl = {http://adsabs.harvard.edu/abs/2017MNRAS.470.2100K},
  adsnote = {Provided by the SAO/NASA Astrophysics Data System}
}

@ARTICLE{2010A&A...517A..92A,
   author = {{Arnaud}, M. and {Pratt}, G.~W. and {Piffaretti}, R. and {B{\"o}hringer}, H. and 
	{Croston}, J.~H. and {Pointecouteau}, E.},
    title = "{The universal galaxy cluster pressure profile from a representative sample of nearby systems (REXCESS) and the Y$_{SZ}$ - M$_{500}$ relation}",
  journal = {\aap},
archivePrefix = "arXiv",
   eprint = {0910.1234},
 keywords = {cosmology: observations, dark matter, galaxies: clusters: general, intergalactic, medium, X-rays: galaxies: clusters},
     year = 2010,
    month = jul,
   volume = 517,
      eid = {A92},
    pages = {A92},
      doi = {10.1051/0004-6361/200913416},
   adsurl = {http://adsabs.harvard.edu/abs/2010A%26A...517A..92A},
  adsnote = {Provided by the SAO/NASA Astrophysics Data System}
}

@ARTICLE{1997ApJ...490..493N,
   author = {{Navarro}, J.~F. and {Frenk}, C.~S. and {White}, S.~D.~M.},
    title = "{A Universal Density Profile from Hierarchical Clustering}",
  journal = {\apj},
   eprint = {astro-ph/9611107},
 keywords = {Cosmology: Theory, Cosmology: Dark Matter, Galaxies: Halos, Methods: Numerical},
     year = 1997,
    month = dec,
   volume = 490,
    pages = {493-508},
      doi = {10.1086/304888},
   adsurl = {http://adsabs.harvard.edu/abs/1997ApJ...490..493N},
  adsnote = {Provided by the SAO/NASA Astrophysics Data System}
}

@ARTICLE{2011ApJ...736...59Z,
   author = {{Zehavi}, I. and {Zheng}, Z. and {Weinberg}, D.~H. and {Blanton}, M.~R. and 
	{Bahcall}, N.~A. and {Berlind}, A.~A. and {Brinkmann}, J. and 
	{Frieman}, J.~A. and {Gunn}, J.~E. and {Lupton}, R.~H. and {Nichol}, R.~C. and 
	{Percival}, W.~J. and {Schneider}, D.~P. and {Skibba}, R.~A. and 
	{Strauss}, M.~A. and {Tegmark}, M. and {York}, D.~G.},
    title = "{Galaxy Clustering in the Completed SDSS Redshift Survey: The Dependence on Color and Luminosity}",
  journal = {\apj},
archivePrefix = "arXiv",
   eprint = {1005.2413},
 keywords = {cosmology: observations, cosmology: theory, galaxies: distances and redshifts, galaxies: halos, galaxies: statistics, large-scale structure of universe},
     year = 2011,
    month = jul,
   volume = 736,
      eid = {59},
    pages = {59},
      doi = {10.1088/0004-637X/736/1/59},
   adsurl = {http://adsabs.harvard.edu/abs/2011ApJ...736...59Z},
  adsnote = {Provided by the SAO/NASA Astrophysics Data System}
}

@ARTICLE{2005ApJ...633..791Z,
   author = {{Zheng}, Z. and {Berlind}, A.~A. and {Weinberg}, D.~H. and {Benson}, A.~J. and 
	{Baugh}, C.~M. and {Cole}, S. and {Dav{\'e}}, R. and {Frenk}, C.~S. and 
	{Katz}, N. and {Lacey}, C.~G.},
    title = "{Theoretical Models of the Halo Occupation Distribution: Separating Central and Satellite Galaxies}",
  journal = {\apj},
   eprint = {astro-ph/0408564},
 keywords = {Cosmology: Theory, Galaxies: Formation, Galaxies: Halos, Cosmology: Large-Scale Structure of Universe},
     year = 2005,
    month = nov,
   volume = 633,
    pages = {791-809},
      doi = {10.1086/466510},
   adsurl = {http://adsabs.harvard.edu/abs/2005ApJ...633..791Z},
  adsnote = {Provided by the SAO/NASA Astrophysics Data System}
}

@ARTICLE{2012ApJ...758...75B,
   author = {{Battaglia}, N. and {Bond}, J.~R. and {Pfrommer}, C. and {Sievers}, J.~L.
	},
    title = "{On the Cluster Physics of Sunyaev-Zel'dovich and X-Ray Surveys. II. Deconstructing the Thermal SZ Power Spectrum}",
  journal = {\apj},
archivePrefix = "arXiv",
   eprint = {1109.3711},
 keywords = {cosmic background radiation, cosmology: theory, galaxies: clusters: general, large-scale structure of universe, methods: numerical},
     year = 2012,
    month = oct,
   volume = 758,
      eid = {75},
    pages = {75},
      doi = {10.1088/0004-637X/758/2/75},
   adsurl = {http://adsabs.harvard.edu/abs/2012ApJ...758...75B},
  adsnote = {Provided by the SAO/NASA Astrophysics Data System}
}

@ARTICLE{2016A&A...594A..24P,
   author = {{Planck Collaboration} and {Ade}, P.~A.~R. and {Aghanim}, N. and 
	{Arnaud}, M. and {Ashdown}, M. and {Aumont}, J. and {Baccigalupi}, C. and 
	{Banday}, A.~J. and {Barreiro}, R.~B. and {Bartlett}, J.~G. and et al.},
    title = "{Planck 2015 results. XXIV. Cosmology from Sunyaev-Zeldovich cluster counts}",
  journal = {\aap},
archivePrefix = "arXiv",
   eprint = {1502.01597},
 keywords = {cosmological parameters, large-scale structure of Universe},
     year = 2016,
    month = sep,
   volume = 594,
      eid = {A24},
    pages = {A24},
      doi = {10.1051/0004-6361/201525833},
   adsurl = {http://adsabs.harvard.edu/abs/2016A%26A...594A..24P},
  adsnote = {Provided by the SAO/NASA Astrophysics Data System}
}

@ARTICLE{2019MNRAS.484.4127A,
   author = {{Alonso}, D. and {Sanchez}, J. and {Slosar}, A.},
    title = "{A unified pseudo-C$_{â„“}$ framework}",
  journal = {\mnras},
archivePrefix = "arXiv",
   eprint = {1809.09603},
 keywords = {methods: data analysis, methods: numerical},
     year = 2019,
    month = apr,
   volume = 484,
    pages = {4127-4151},
      doi = {10.1093/mnras/stz093},
   adsurl = {http://adsabs.harvard.edu/abs/2019MNRAS.484.4127A},
  adsnote = {Provided by the SAO/NASA Astrophysics Data System}
}

@ARTICLE{2004MNRAS.349..603E,
   author = {{Efstathiou}, G.},
    title = "{Myths and truths concerning estimation of power spectra: the case for a hybrid estimator}",
  journal = {\mnras},
   eprint = {astro-ph/0307515},
 keywords = {methods: data analysis, methods: statistical, cosmic microwave background, large-scale structure of Universe},
     year = 2004,
    month = apr,
   volume = 349,
    pages = {603-626},
      doi = {10.1111/j.1365-2966.2004.07530.x},
   adsurl = {http://adsabs.harvard.edu/abs/2004MNRAS.349..603E},
  adsnote = {Provided by the SAO/NASA Astrophysics Data System}
}

